% Encoding: UTF-8

@Online{python-syntax,
  author  = {Python Software Foundation},
  date    = {2020-12-13},
  title   = {2. Lexical analysis — Python 3.9.1 documentation},
  url     = {https://docs.python.org/3/reference/lexical_analysis.html},
  urldate = {2020-12-12},
  file    = {2. Lexical analysis — Python 3.9.1 documentation:/home/andrea/Zotero/storage/I6JGT9WM/lexical_analysis.html:text/html},
}

@Misc{shell-syntax,
  date      = {2018-01-31},
  title     = {{IEEE} Standard for Information Technology--Portable Operating System Interface ({POSIX}({TM})) Base Specifications, Issue 7},
  doi       = {10.1109/ieeestd.2018.8277153},
  url       = {https://pubs.opengroup.org/onlinepubs/9699919799/utilities/V3_chap02.html},
  urldate   = {2020-12-12},
  file      = {Shell Command Language:/home/andrea/Zotero/storage/7M2CD2JE/V3_chap02.html:text/html},
  publisher = {{IEEE}},
}

@Book{Hutton2017,
  author    = {Hutton, Graham},
  date      = {2017-03-01},
  title     = {Programming in Haskell},
  isbn      = {1316626229},
  pagetotal = {318},
  publisher = {Cambridge University Pr.},
  url       = {https://www.ebook.de/de/product/26757915/graham_hutton_programming_in_haskell.html},
  ean       = {9781316626221},
  year      = {2017},
}

@Book{Stroustrup2013,
  author    = {Stroustrup, Bjarne},
  date      = {2013-07-19},
  title     = {The C++ Programming Language},
  isbn      = {0321958322},
  publisher = {Addison Wesley},
  url       = {https://www.ebook.de/de/product/20995571/bjarne_stroustrup_the_c_programming_language.html},
  ean       = {9780321958327},
  year      = {2013},
}

@Online{CabalTeam2020,
  author  = {{The Cabal Team}},
  date    = {2020-11-09},
  title   = {The Cabal User Guide},
  url     = {https://cabal.readthedocs.io/en/latest/index.html},
  urldate = {2020-12-12},
}

@Comment{jabref-meta: databaseType:biblatex;}
